<record xmlns="http://www.loc.gov/MARC21/slim" xmlns:xsi="http://www.w3.org/2001/XMLSchema-instance" xsi:schemaLocation="http://www.loc.gov/MARC21/slim http://www.loc.gov/standards/marcxml/schema/MARC21slim.xsd">

  <leader>00750nam a22001817a 4500</leader>
  <controlfield tag="008">160422b20      cr ||||| |||| 00| | spa d</controlfield>
  <datafield tag="090" ind1=" " ind2=" ">
    <subfield code="a">18.09.01  </subfield>
    <subfield code="b">2186</subfield>
  </datafield>
  <datafield tag="100" ind1="1" ind2=" ">
    <subfield code="9">1589</subfield>
    <subfield code="a">Artavia Medrano, Álvaro</subfield>
  </datafield>
  <datafield tag="245" ind1="1" ind2="0">
    <subfield code="a">Modelos diagnósticos de procesos, estrategias y estructuras de conocimiento de estudiantes costarricenses a partir de métodos psicométrico-cognitivos /</subfield>
    <subfield code="c">Álvaro Artavia Medrano; Alicia Gurdián Fernández</subfield>
  </datafield>
  <datafield ind1=" " tag="260" ind2=" ">
    <subfield code="a">[San José, Costa Rica] :</subfield>
    <subfield code="b">INIE,</subfield>
    <subfield code="c">2014</subfield>
  </datafield>
  <datafield tag="300" ind1=" " ind2=" ">
    <subfield code="a">80 páginas</subfield>
  </datafield>
  <datafield ind2=" " tag="500" ind1=" ">
    <subfield code="a">Informe final proyecto de investigación N° 724-B1-276</subfield>
  </datafield>
  <datafield ind2="4" tag="650" ind1="1">
    <subfield code="9">287</subfield>
    <subfield code="a">EVALUACIÓN </subfield>
  </datafield>
  <datafield ind2="4" ind1="1" tag="650">
    <subfield code="9">42</subfield>
    <subfield code="a">CONOCIMIENTO</subfield>
  </datafield>
  <datafield ind2="4" tag="650" ind1="1">
    <subfield code="9">1590</subfield>
    <subfield code="a">RESOLUCIÓN DE PROBLEMAS</subfield>
  </datafield>
  <datafield tag="700" ind1="1" ind2=" ">
    <subfield code="9">169</subfield>
    <subfield code="a">Gurdián Fernández, Alicia</subfield>
  </datafield>
  <datafield tag="942" ind1=" " ind2=" ">
    <subfield code="2">z</subfield>
    <subfield code="c">04</subfield>
  </datafield>
  <datafield ind2=" " ind1=" " tag="999">
    <subfield code="c">3134</subfield>
    <subfield code="d">3134</subfield>
  </datafield>
</record>